@misc{msPlaywrightHomepage,
  author = {Microsoft Inc.}
  title = {Playwright homepage},
  howpublished = "\url{https://playwright.dev/}",
  note = "(3.4.2022.)"
}

@misc{cypressDocsPage,
  author = {Cypress},
  title = {Cypress documentation page},
  howpublished = "\url{https://docs.cypress.io/}",
  note = "(3.4.2022.)"
}

@book{tosi2009matplotlib,
  title={Matplotlib for Python developers},
  author={Tosi, Sandro},
  year={2009},
  publisher={Packt Publishing Ltd}
}

@article{sauser2009projects,
  title={Why projects fail? How contingency theory can provide new insights--A comparative analysis of NASAâ€™s Mars Climate Orbiter loss},
  author={Sauser, Brian J and Reilly, Richard R and Shenhar, Aaron J},
  journal={International Journal of Project Management},
  volume={27},
  number={7},
  pages={665--679},
  year={2009},
  publisher={Elsevier}
}
@inproceedings{kluyver2016jupyter,
  title={Jupyter Notebooks-a publishing format for reproducible computational workflows.},
  author={Kluyver, Thomas and Ragan-Kelley, Benjamin and P{\'e}rez, Fernando and Granger, Brian E and Bussonnier, Matthias and Frederic, Jonathan and Kelley, Kyle and Hamrick, Jessica B and Grout, Jason and Corlay, Sylvain and others},
  booktitle={ELPUB},
  pages={87--90},
  year={2016}
}
